% Encoding: UTF-8
@inproceedings{dynGraph,
	title={A taxonomy and survey of dynamic graph visualization},
	author={Beck, Fabian and Burch, Michael and Diehl, Stephan and Weiskopf, Daniel},
	booktitle={Computer Graphics Forum},
	year={2016},
	organization={Wiley Online Library}
}
@book{ntlk,
	title={Natural language processing with Python: analyzing text with the natural language toolkit},
	author={Bird, Steven and Klein, Ewan and Loper, Edward},
	year={2009},
	publisher={" O'Reilly Media, Inc."}
}
@article{textSurvey,
	title={A survey of text mining techniques and applications},
	author={Gupta, Vishal and Lehal, Gurpreet S and others},
	journal={Journal of emerging technologies in web intelligence},
	volume={1},
	number={1},
	pages={60--76},
	year={2009},
	publisher={Academy Publisher, PO Box 40 Oulu 90571 Finland}
}

@article{cutomText,
	title={Analyzing customer experience feedback using text mining: A linguistics-based approach},
	author={Ordenes, Francisco Villarroel and Theodoulidis, Babis and Burton, Jamie and Gruber, Thorsten and Zaki, Mohamed},
	journal={Journal of Service Research},
	volume={17},
	number={3},
	pages={278--295},
	year={2014},
	publisher={SAGE Publications Sage CA: Los Angeles, CA}
}

@article{erdosOrig,
	title={On random graphs, I},
	author={Erd{\"o}s, Paul and R{\'e}nyi, Alfr{\'e}d},
	journal={Publicationes Mathematicae (Debrecen)},
	volume={6},
	pages={290--297},
	year={1959}
}
